@INCOLLECTION{Moczo,
  author = {P. Moczo and J. Robertsson and L. Eisner},
  title = {The Finite-difference Time-domain method for Modeling of Seismic
	Wave Propagation},
  booktitle = {Advances in Wave Propagation in Heterogeneous Media},
  publisher = {Elsevier - Academic Press},
  year = {2007},
  volume = {48},
  series = {Advances in Geophysics},
  chapter = {8},
  pages = {421-516}
}

@PHDTHESIS{Kom97,
  author = {Dimitri Komatitsch},
  title = {M\'ethodes spectrales et \'el\'ements spectraux pour l'\'equation
	de l'\'elastodynamique 2{D} et 3{D} en milieu h\'et\'erog\`ene ({S}pectral
	and spectral-element methods for the 2{D} and 3{D} elastodynamics
	equations in heterogeneous media)},
  school = {Institut de Physique du Globe},
  year = {1997},
  address = {Paris, France},
  month = {May},
  note = {187 pages}
}

@article{TsuboiAMPKT16,
  author    = {Seiji Tsuboi and
               Kazuto Ando and
               Takayuki Miyoshi and
               Daniel Peter and
               Dimitri Komatitsch and
               Jeroen Tromp},
  title     = {A 1.8 trillion degrees-of-freedom, 1.24 petaflops global seismic wave
               simulation on the {K} computer},
  journal   = {{IJHPCA}},
  volume    = {30},
  number    = {4},
  pages     = {411--422},
  year      = {2016}
}

@inproceedings{RotenCODWSWM16,
  author    = {Daniel Roten and
               Yifeng Cui and
               Kim B. Olsen and
               Steven M. Day and
               Kyle Withers and
               William H. Savran and
               Peng Wang and
               Dawei Mu},
  title     = {High-frequency nonlinear earthquake simulations on petascale heterogeneous
               supercomputers},
  booktitle = {Proceedings of the International Conference for High Performance Computing,
               Networking, Storage and Analysis, {SC} 2016, Salt Lake City, UT, USA,
               November 13-18, 2016},
  pages     = {957--968},
  year      = {2016}
}

@inproceedings{BreuerHB16,
  author    = {Alexander Breuer and
               Alexander Heinecke and
               Michael Bader},
  title     = {Petascale Local Time Stepping for the {ADER-DG} Finite Element Method},
  booktitle = {2016 {IEEE} International Parallel and Distributed Processing Symposium,
               {IPDPS} 2016, Chicago, IL, USA, May 23-27, 2016},
  pages     = {854--863},
  year      = {2016}
}

@article{Sornet20171083,
  author   = {Gauthier Sornet and Fabrice Dupros and Sylvain Jubertie},
  title    = {A Multi-level Optimization Strategy to Improve the Performance of Stencil Computation},
  journal  = {Procedia Computer Science},
  year     = {2017},
  volume   = {108},
  pages    = {1083 - 1092},
  note     = {International Conference on Computational Science, \{ICCS\} 2017, 12-14 June 2017, Zurich, Switzerland},
  issn     = {1877-0509},
}

@article{Kruzel20132030,
  author   = {Filip Krużel and Krzysztof Banaś},
  title    = {Vectorized OpenCL implementation of numerical integration for higher order finite elements},
  journal  = {Computers \& Mathematics with Applications},
  year     = {2013},
  volume   = {66},
  number   = {10},
  pages    = {2030 - 2044},
  note     = {ICNC-FSKD 2012},
  issn     = {0898-1221},
}

